@article{lef,
    author = "Aurélie Beynier, Yann Chevaleyre, Laurent Gourvès, Julien Lesca, Nicolas Maudet, Anaëlle Wilczynski",
    title = "Local Envy-Freeness in House Allocation Problems",
    booktitle = "Proceedings of the 17th International Conference on Autonomous Agents and Multiagent Systems (AAMAS 2018)"
}

@article{smithmiles,
    author = "Kate Smith-Miles, Leo Lopes",
    title = "Measuring instance difficulty for combinatorial optimization problems",
    journal = "Computers \& Operations Research",
    volume = "39",
    year = "2012",
    pages = "875--889",
    DOI = "https://doi.org/10.1016/j.cor.2011.07.006"
}

@incollection{cardenasmontes,
    author = "Cárdenas-Montes M.",
    title = "Evaluating the Difficulty of Instances of the Travelling Salesman Problem in the Nearby of the Optimal Solution Based on Random Walk Exploration",
    booktitle = "Martínez-Álvarez F., Troncoso A., Quintián H., Corchado E. (eds) Hybrid Artificial Intelligent Systems. HAIS 2016. Lecture Notes in Computer Science, vol 9648.",
    publisher = "Springer, Cham",
    DOI = "https://doi.org/10.1007/978-3-319-32034-2_25"
}

@incollection{analysis,
    author = "Ridge E., Kudenko D.",
    title = "An Analysis of Problem Difficulty for a Class of Optimisation Heuristics",
    booktitle = "Cotta C., van Hemert J. (eds) Evolutionary Computation in Combinatorial Optimization. EvoCOP 2007. Lecture Notes in Computer Science, vol 4446",
    publisher = "Springer, Berlin, Heidelberg",
    DOI = "https://doi.org/10.1007/978-3-540-71615-0_18"
}